<record><leader>00000cas a2200000 a 4500</leader><controlfield tag="001">12111874</controlfield><controlfield tag="008">850603c19749999kyudn ne      0    0eng  </controlfield><controlfield tag="009">466</controlfield><datafield ind1=" " ind2=" " tag="010"><subfield code="a">sn 85042318 </subfield></datafield><datafield ind1=" " ind2=" " tag="040"><subfield code="a">DLC</subfield><subfield code="b">eng</subfield><subfield code="c">DLC</subfield><subfield code="d">KNP</subfield><subfield code="d">OCL</subfield><subfield code="d">OCLCQ</subfield><subfield code="d">KYUBL</subfield><subfield code="d">OCLCO</subfield><subfield code="d">OCLCF</subfield></datafield><datafield ind1="1" ind2=" " tag="029"><subfield code="a">AU@</subfield><subfield code="b">000020379965</subfield></datafield><datafield ind1=" " ind2=" " tag="042"><subfield code="a">msc</subfield></datafield><datafield ind1="0" ind2="0" tag="050"><subfield code="a">Newspaper 7002</subfield></datafield><datafield ind1="0" ind2=" " tag="130"><subfield code="a">Kentucky post (Covington, Ky. : 1974)</subfield></datafield><datafield ind1="0" ind2="4" tag="245"><subfield code="a">The Kentucky post.</subfield></datafield><datafield ind1="1" ind2="3" tag="246"><subfield code="a">Kentucky post and times-star</subfield></datafield><datafield ind1=" " ind2=" " tag="260"><subfield code="a">Covington, Ky. :</subfield><subfield code="b">Scripps-Howard,</subfield><subfield code="c">1974-</subfield></datafield><datafield ind1=" " ind2=" " tag="300"><subfield code="a">v. :</subfield><subfield code="b">ill. ;</subfield><subfield code="c">59 cm.</subfield></datafield><datafield ind1=" " ind2=" " tag="310"><subfield code="a">Daily (except Sun.)</subfield></datafield><datafield ind1="0" ind2=" " tag="362"><subfield code="a">Jan. 1, 1974-</subfield></datafield><datafield ind1=" " ind2="4" tag="651"><subfield code="a">Covington (Ky.)</subfield><subfield code="v">Newspapers.</subfield></datafield><datafield ind1=" " ind2="4" tag="651"><subfield code="a">Kenton County (Ky.)</subfield><subfield code="v">Newspapers.</subfield></datafield><datafield ind1=" " ind2="0" tag="651"><subfield code="a">Covington (Ky.)</subfield><subfield code="x">Newspapers.</subfield></datafield><datafield ind1=" " ind2="0" tag="651"><subfield code="a">Kenton County (Ky.)</subfield><subfield code="x">Newspapers.</subfield></datafield><datafield ind1=" " ind2="7" tag="655"><subfield code="a">Newspapers.</subfield><subfield code="2">fast</subfield><subfield code="0">(OCoLC)fst01423814</subfield></datafield><datafield ind1=" " ind2="7" tag="651"><subfield code="a">Kentucky</subfield><subfield code="z">Covington.</subfield><subfield code="2">fast</subfield><subfield code="0">(OCoLC)fst01220198</subfield></datafield><datafield ind1=" " ind2="7" tag="651"><subfield code="a">Kentucky</subfield><subfield code="z">Kenton County.</subfield><subfield code="2">fast</subfield><subfield code="0">(OCoLC)fst01213422</subfield></datafield><datafield ind1=" " ind2=" " tag="752"><subfield code="a">United States</subfield><subfield code="b">Kentucky</subfield><subfield code="c">Kenton</subfield><subfield code="d">Covington.</subfield></datafield><datafield ind1="0" ind2=" " tag="775"><subfield code="t">Cincinnati post (Cincinnati, Ohio : 1974)</subfield><subfield code="w">(DLC)sn 88061062</subfield></datafield><datafield ind1="0" ind2="0" tag="780"><subfield code="t">Kentucky post and times-star</subfield><subfield code="w">(DLC)sn 85052214</subfield></datafield></record>